<?xml version="1.0" encoding="UTF-8"?><collection xmlns="http://www.loc.gov/MARC21/slim"><record><leader>00697nam--2200193-i-4500</leader><controlfield tag="001">000037910</controlfield><controlfield tag="002">20161230</controlfield><controlfield tag="005">20161230201041</controlfield><controlfield tag="008">060222s1000------------r-----000-0-eng-d</controlfield><datafield ind1=" " ind2=" " tag="040"><subfield code="a">IFIN-HH</subfield></datafield><datafield ind1=" " ind2=" " tag="080"><subfield code="a">533.6.011</subfield></datafield><datafield ind1="1" ind2=" " tag="100"><subfield code="a">Trilling, Leon</subfield></datafield><datafield ind1="1" ind2="0" tag="245"><subfield code="a">Rarefied gas dynamics</subfield><subfield code="b">Proceedings of the Sixth International Symposium on Rerefied Gas Dynamics, Held at Massachusetts Institute of Technology, July, 1968. Supplement 5. Volume II</subfield><subfield code="c">LEON TRILLING, HAROLD Y. WACHMAN (Eds.)</subfield></datafield><datafield ind1=" " ind2=" " tag="260"><subfield code="a">New York, Academic Press, 1969,</subfield></datafield><datafield ind1=" " ind2=" " tag="300"><subfield code="a">XXVI /-909-1802/P</subfield></datafield><datafield ind1=" " ind2=" " tag="490"><subfield code="a">Advances in Applied Mechanics</subfield></datafield><datafield ind1="1" ind2=" " tag="700"><subfield code="a">Wachman, Harold Y</subfield></datafield><datafield ind1=" " ind2=" " tag="852"><subfield code="a">32792</subfield><subfield code="c">533.7</subfield></datafield><datafield ind1=" " ind2=" " tag="CAT"><subfield code="a">Sys</subfield><subfield code="c">20100915</subfield><subfield code="h">131033</subfield></datafield></record></collection>